@article{bigotti:thermomethers,
  title="{The Weight of the Air: Santorio's Thermometers and the Early History of Medical Quantification Reconsidered}",
  author={Bigotti, Fabrizio},
  journal={Journal of Early Modern Studies},
  volume={7},
  number={1},
  pages={73â€“103},
  year={2018}
}

@misc{mdn:wasm,
  title="{Understanding WebAssembly text format}",
  author={Mozilla},
  year={2022},
  howpublished="\url{https://developer.mozilla.org/en-US/docs/WebAssembly/Understanding_the_text_format}",
  note={Stan z dnia 19 listopad 2022}
}

@misc{wasm:standard,
  title="{WebAssembly} Specification, Release 2.0",
  author={W3C Community Group},
  year={2022},
  month={12},
  howpublished="\url{https://webassembly.github.io/spec/core/_download/WebAssembly.pdf}",
  note={Stan z dnia 15 grudnia 2022},
}
  
@article{infoworld:what_is_rust,
  title="What is {Rust}? {Safe}, fast, and easy software development",
  author={Yegulalp, Serdar},
  journal={InfoWorld},
  year={2021}
}

@article{wachtel:most_loved,
  title="{Stack Overflow: Rust Remains Most Loved, but Clojure Pays the Best}",
  author={Jessica Wachtel},
  year={2022},
  howpublished="\url{https://thenewstack.io/stack-overflow-rust-remains-most-favored-but-clojure-pays-the-most/}"
}

@book{klabnik:rust,
  title="{The Rust Programming Language}",
  author={Steve Klabnik and Carol Nichols},
  year={2019},
  publisher="{No Starch Press}",
}

@misc{stackoverflow:popularity,
  title="{Stack Overflow Developer Survey 2022}",
  journal="{Stack Overflow}",
  year={2022},
  howpublished="\url{https://survey.stackoverflow.co/2022/#technology}"  
}

@book{price2021c,
  title={C\# 10 and . NET 6 - Modern Cross-Platform Development - Sixth Edition: Build Apps, Websites, and Services with ASP. NET Core 6, Blazor, and EF Core 6 Using Visual Studio 2022 and Visual Studio Code},
  author={Price, M.J.},
  isbn={9781801077361},
  series={Expert insight},
  url={https://books.google.pl/books?id=8lS5zgEACAAJ},
  year={2021},
  publisher={Packt Publishing}
}

@misc{msdn:clr,
  title="{Common Language Runtime (CLR) overview}",
  author={Microsoft},
  year={2022},
  journal="{MSDN Library}",
}

@inproceedings{zhang2014,
  author = {Zhang, Xue Dong and Teng, Zi Mu and Zhao, Dong Wang},
  title = {Research of the Database Access Technology Under.NET Framework},
  year = {2014},
  month = {11},
  volume = {644},
  pages = {3077--3080},
  booktitle = {Machine Tool Technology, Mechatronics and Information Engineering},
  series = {Applied Mechanics and Materials},
  publisher = {Trans Tech Publications Ltd},
  doi = {10.4028/www.scientific.net/AMM.644-650.3077},
  keywords = {Database, C#, NeT, LINQ}
}

@misc{verkada:sv11,
  author = {Verkada Inc},
  title = "{SV11 Environmental Sensor} datasheet",
  howpublished = "\url{https://docs.verkada.com/docs/sensors-overview.pdf}",
  year = {2022},
  note = {Stan z dnia 26 listopada 2022},
}
